@Book{Durrett2019,
  author    = {Rick Durrett},
  date      = {2019-04-18},
  title     = {Probability: Theory and Examples},
  edition   = {5th},
  isbn      = {1108473687},
  note      = {ISBN 978-1108592635},
  pagetotal = {430},
  publisher = {Cambridge University Press},
  url       = {https://www.ebook.de/de/product/34699864/rick_duke_university_north_carolina_durrett_probability.html},
  ean       = {9781108473682},
  year      = {2019},
}

@book{Gut2014,
	author    = {Gut, Allan},
	title     = {Probability: A Graduate Course},
	year      = {2014},
	date      = {2014-11-09},
	edition   = {2nd},
	note      = {ISBN 978-1461447078},
	publisher = {Springer New York},
	isbn      = {1489997555},
	pagetotal = {628},
	ean       = {9781489997555},
}

@article{knuth84,
  author = {Knuth, Donald E.},
  title = {Literate Programming},
  year = {1984},
  issue_date = {May 1984},
  publisher = {Oxford University Press, Inc.},
  address = {USA},
  volume = {27},
  number = {2},
  issn = {0010-4620},
  url = {https://doi.org/10.1093/comjnl/27.2.97},
  doi = {10.1093/comjnl/27.2.97},
  journal = {Comput. J.},
  month = may,
  pages = {97â€“111},
  numpages = {15}
}



